%% This BibTeX bibliography file was created using BibDesk.
%% http://bibdesk.sourceforge.net/

%% Created for Michael Thoreau at 2016-06-11 19:18:32 +1000 


%% Saved with string encoding Unicode (UTF-8) 



@article{christie9acoustics,
	Author = {Christie, Joshua and Kottege, Navinda},
	Date-Added = {2016-06-11 09:17:17 +0000},
	Date-Modified = {2016-06-11 09:17:17 +0000},
	Journal = {energy (STE)},
	Pages = {5},
	Title = {Acoustics based Terrain Classification for Legged Robots},
	Volume = {9},
	Bdsk-File-1 = {YnBsaXN0MDDUAQIDBAUGJCVYJHZlcnNpb25YJG9iamVjdHNZJGFyY2hpdmVyVCR0b3ASAAGGoKgHCBMUFRYaIVUkbnVsbNMJCgsMDxJXTlMua2V5c1pOUy5vYmplY3RzViRjbGFzc6INDoACgAOiEBGABIAFgAdccmVsYXRpdmVQYXRoWWFsaWFzRGF0YV8QLS4uLy4uLy4uLy4uL0Rvd25sb2Fkcy9DaHJpc3RpZTIwMTYuSUNSQTE2LnBkZtIXCxgZV05TLmRhdGFPEQGyAAAAAAGyAAIAAAxNYWNpbnRvc2ggSEQAAAAAAAAAAAAAAAAAAADR4a87SCsAAAAGxHcXQ2hyaXN0aWUyMDE2LklDUkExNi5wZGYAAAAAAAAAAAAAAAAAAAAAAAAAAAAAAAAAAAAAAAAAAAAAAAAAAAAAANContOCFAEAAAAAAAAAAAAEAAIAAAkgAAAAAAAAAAAAAAAAAAAACURvd25sb2FkcwAAEAAIAADR4SKbAAAAEQAIAADTgYdhAAAAAQAMAAbEdwAGxHQAApgFAAIARk1hY2ludG9zaCBIRDpVc2VyczoAbWljaGFlbHRob3JlYXU6AERvd25sb2FkczoAQ2hyaXN0aWUyMDE2LklDUkExNi5wZGYADgAwABcAQwBoAHIAaQBzAHQAaQBlADIAMAAxADYALgBJAEMAUgBBADEANgAuAHAAZABmAA8AGgAMAE0AYQBjAGkAbgB0AG8AcwBoACAASABEABIANlVzZXJzL21pY2hhZWx0aG9yZWF1L0Rvd25sb2Fkcy9DaHJpc3RpZTIwMTYuSUNSQTE2LnBkZgATAAEvAAAVAAIAFf//AACABtIbHB0eWiRjbGFzc25hbWVYJGNsYXNzZXNdTlNNdXRhYmxlRGF0YaMdHyBWTlNEYXRhWE5TT2JqZWN00hscIiNcTlNEaWN0aW9uYXJ5oiIgXxAPTlNLZXllZEFyY2hpdmVy0SYnVHJvb3SAAQAIABEAGgAjAC0AMgA3AEAARgBNAFUAYABnAGoAbABuAHEAcwB1AHcAhACOAL4AwwDLAoECgwKIApMCnAKqAq4CtQK+AsMC0ALTAuUC6ALtAAAAAAAAAgEAAAAAAAAAKAAAAAAAAAAAAAAAAAAAAu8=}}

@jurthesis{fpga-localisation,
	Author = {Prabin Maharjan, Prabin Man Baidya, Presha Joshi, Shristi Nhuchhe Pradhan},
	Date-Added = {2016-06-11 08:02:35 +0000},
	Date-Modified = {2016-06-11 08:14:21 +0000},
	Month = {March},
	School = {Tribhuvan University},
	Title = {FPGA Based Acoustic Localisation},
	Year = {2010}}

@webpage{fpga_general,
	Date-Added = {2016-06-11 02:36:14 +0000},
	Date-Modified = {2016-06-11 02:36:31 +0000},
	Url = {http://www.lumenir-innovations.com/engineering-specialties/fpga-design/},
	Year = {2016}}

@webpage{acoustic_camera,
	Date-Added = {2016-06-11 01:52:50 +0000},
	Date-Modified = {2016-06-11 01:53:23 +0000},
	Url = {http://www.acoustic-camera.com/en/applications/wind-turbine.html},
	Year = {2016}}

@manual{an-241,
	Author = {Kevin L Tretter},
	Date-Added = {2016-06-10 11:46:20 +0000},
	Date-Modified = {2016-06-10 11:47:56 +0000},
	Organization = {Cirrus Logic},
	Title = {Analog Input Buffer Architectures}}

@article{622565,
	Author = {S. Affes and Y. Grenier},
	Date-Added = {2016-06-10 03:14:45 +0000},
	Date-Modified = {2016-06-10 03:14:45 +0000},
	Doi = {10.1109/89.622565},
	Issn = {1063-6676},
	Journal = {IEEE Transactions on Speech and Audio Processing},
	Keywords = {acoustic signal processing;acoustic transducer arrays;acoustic wave propagation;array signal processing;direction-of-arrival estimation;filtering theory;matched filters;microphones;reverberation;speech intelligibility;speech processing;synchronisation;telephony;tracking;transient response;acoustic environments;adaptive microphone array beamforming;dereverberation;direct propagation path;hands-free telephony;matched filtering;matched filters;microphone array processing;multipath reduction;near-field speech signals;noise reduction;performance;propagation phenomena;reflections;reverberation reduction;signal subspace tracking algorithm;source to array impulse response;speech acquisition;speech processing;speech quality;synchronization;time delay compensation;Acoustic propagation;Acoustic reflection;Adaptive arrays;Array signal processing;Matched filters;Microphone arrays;Noise reduction;Optical reflection;Reverberation;Speech enhancement},
	Month = {Sep},
	Number = {5},
	Pages = {425-437},
	Title = {A signal subspace tracking algorithm for microphone array processing of speech},
	Volume = {5},
	Year = {1997},
	Bdsk-File-1 = {YnBsaXN0MDDUAQIDBAUGJCVYJHZlcnNpb25YJG9iamVjdHNZJGFyY2hpdmVyVCR0b3ASAAGGoKgHCBMUFRYaIVUkbnVsbNMJCgsMDxJXTlMua2V5c1pOUy5vYmplY3RzViRjbGFzc6INDoACgAOiEBGABIAFgAdccmVsYXRpdmVQYXRoWWFsaWFzRGF0YV8QJS4uLy4uLy4uLy4uL0Rvd25sb2Fkcy8wMDYyMjU2NSgxKS5wZGbSFwsYGVdOUy5kYXRhTxEBkgAAAAABkgACAAAMTWFjaW50b3NoIEhEAAAAAAAAAAAAAAAAAAAA0eGvO0grAAAABsR3DzAwNjIyNTY1KDEpLnBkZgAAAAAAAAAAAAAAAAAAAAAAAAAAAAAAAAAAAAAAAAAAAAAAAAAAAAAAAAAAAAAAAADPdojTgG3mAAAAAAAAAAAABAACAAAJIAAAAAAAAAAAAAAAAAAAAAlEb3dubG9hZHMAABAACAAA0eEimwAAABEACAAA03/hRgAAAAEADAAGxHcABsR0AAKYBQACAD5NYWNpbnRvc2ggSEQ6VXNlcnM6AG1pY2hhZWx0aG9yZWF1OgBEb3dubG9hZHM6ADAwNjIyNTY1KDEpLnBkZgAOACAADwAwADAANgAyADIANQA2ADUAKAAxACkALgBwAGQAZgAPABoADABNAGEAYwBpAG4AdABvAHMAaAAgAEgARAASAC5Vc2Vycy9taWNoYWVsdGhvcmVhdS9Eb3dubG9hZHMvMDA2MjI1NjUoMSkucGRmABMAAS8AABUAAgAV//8AAIAG0hscHR5aJGNsYXNzbmFtZVgkY2xhc3Nlc11OU011dGFibGVEYXRhox0fIFZOU0RhdGFYTlNPYmplY3TSGxwiI1xOU0RpY3Rpb25hcnmiIiBfEA9OU0tleWVkQXJjaGl2ZXLRJidUcm9vdIABAAgAEQAaACMALQAyADcAQABGAE0AVQBgAGcAagBsAG4AcQBzAHUAdwCEAI4AtgC7AMMCWQJbAmACawJ0AoIChgKNApYCmwKoAqsCvQLAAsUAAAAAAAACAQAAAAAAAAAoAAAAAAAAAAAAAAAAAAACxw==},
	Bdsk-Url-1 = {http://dx.doi.org/10.1109/89.622565}}

@manual{that1510,
	Date-Added = {2016-06-09 06:38:27 +0000},
	Date-Modified = {2016-06-09 06:41:54 +0000},
	Month = {October},
	Organization = {That Corporation},
	Title = {THAT 1510/1520 Datasheet},
	Year = {2013}}

@webpage{spl,
	Date-Added = {2016-06-09 06:29:29 +0000},
	Date-Modified = {2016-06-09 06:30:22 +0000},
	Url = {http://www.sengpielaudio.com/TableOfSoundPressureLevels.htm},
	Bdsk-Url-1 = {http://www.sengpielaudio.com/TableOfSoundPressureLevels.htm}}

@manual{SM11,
	Date-Added = {2016-06-09 05:52:30 +0000},
	Date-Modified = {2016-06-09 05:53:17 +0000},
	Organization = {Shure Incorporated},
	Title = {Model SM11 User Guide},
	Year = {2007}}

@manual{CM-100,
	Date-Added = {2016-06-09 05:50:17 +0000},
	Date-Modified = {2016-06-09 05:50:49 +0000},
	Organization = {Nady Systems},
	Title = {User Guide CM-100},
	Bdsk-File-1 = {YnBsaXN0MDDUAQIDBAUGJCVYJHZlcnNpb25YJG9iamVjdHNZJGFyY2hpdmVyVCR0b3ASAAGGoKgHCBMUFRYaIVUkbnVsbNMJCgsMDxJXTlMua2V5c1pOUy5vYmplY3RzViRjbGFzc6INDoACgAOiEBGABIAFgAdccmVsYXRpdmVQYXRoWWFsaWFzRGF0YV8QHy4uLy4uLy4uLy4uL0Rvd25sb2Fkcy9jbTEwMC5wZGbSFwsYGVdOUy5kYXRhTxEBegAAAAABegACAAAMTWFjaW50b3NoIEhEAAAAAAAAAAAAAAAAAAAA0eGvO0grAAAABsR3CWNtMTAwLnBkZgAAAAAAAAAAAAAAAAAAAAAAAAAAAAAAAAAAAAAAAAAAAAAAAAAAAAAAAAAAAAAAAAAAAAAAAADPFCvTf0DwAAAAAAAAAAAABAACAAAJIAAAAAAAAAAAAAAAAAAAAAlEb3dubG9hZHMAABAACAAA0eEimwAAABEACAAA0360UAAAAAEADAAGxHcABsR0AAKYBQACADhNYWNpbnRvc2ggSEQ6VXNlcnM6AG1pY2hhZWx0aG9yZWF1OgBEb3dubG9hZHM6AGNtMTAwLnBkZgAOABQACQBjAG0AMQAwADAALgBwAGQAZgAPABoADABNAGEAYwBpAG4AdABvAHMAaAAgAEgARAASAChVc2Vycy9taWNoYWVsdGhvcmVhdS9Eb3dubG9hZHMvY20xMDAucGRmABMAAS8AABUAAgAV//8AAIAG0hscHR5aJGNsYXNzbmFtZVgkY2xhc3Nlc11OU011dGFibGVEYXRhox0fIFZOU0RhdGFYTlNPYmplY3TSGxwiI1xOU0RpY3Rpb25hcnmiIiBfEA9OU0tleWVkQXJjaGl2ZXLRJidUcm9vdIABAAgAEQAaACMALQAyADcAQABGAE0AVQBgAGcAagBsAG4AcQBzAHUAdwCEAI4AsAC1AL0COwI9AkICTQJWAmQCaAJvAngCfQKKAo0CnwKiAqcAAAAAAAACAQAAAAAAAAAoAAAAAAAAAAAAAAAAAAACqQ==}}

@manual{axi_reference,
	Date-Added = {2016-06-08 12:39:52 +0000},
	Date-Modified = {2016-06-08 12:44:35 +0000},
	Month = {March},
	Organization = {Xilinx},
	Title = {AXI Reference Guide},
	Year = {2011}}

@manual{IP_based_design,
	Date-Added = {2016-06-08 12:30:38 +0000},
	Date-Modified = {2016-06-08 12:44:35 +0000},
	Institution = {Xilinx},
	Month = {October},
	Organization = {Xilinx},
	Title = {Vivado Design Suite User Guide},
	Year = {2013}}

@inproceedings{6673300,
	Author = {Y. Bai and S. Z. Ahmed and I. Mhedhbi and K. Hachicha and C. Champion and P. Garda and B. Granado},
	Booktitle = {2013 IFIP/IEEE 21st International Conference on Very Large Scale Integration (VLSI-SoC)},
	Date-Added = {2016-06-08 01:09:32 +0000},
	Date-Modified = {2016-06-08 01:09:32 +0000},
	Doi = {10.1109/VLSI-SoC.2013.6673300},
	Issn = {2324-8432},
	Keywords = {data compression;digital signal processing chips;field programmable gate arrays;image coding;power consumption;wavelet transforms;Altera Stratix IV EP4SGX230 FPGA;DSP implementation;HENUC;Nios II based system;TI Integra C6A816x/AM389x DSP;Texas Instruments;compression performance;frequency 100 MHz;hardware IP accelerator;hierarchical enumerative coding;locally stationary image data;lossless fixed-point entropy coding algorithm;parallelized FPGA;power consumption;power efficiency;resource utilization;size 40 nm;throughput;wavelet-based image encoder},
	Month = {Oct},
	Pages = {318-321},
	Title = {FPGA vs DSP: A throughput and power efficiency comparison for Hierarchical Enumerative Coding},
	Year = {2013},
	Bdsk-File-1 = {YnBsaXN0MDDUAQIDBAUGJCVYJHZlcnNpb25YJG9iamVjdHNZJGFyY2hpdmVyVCR0b3ASAAGGoKgHCBMUFRYaIVUkbnVsbNMJCgsMDxJXTlMua2V5c1pOUy5vYmplY3RzViRjbGFzc6INDoACgAOiEBGABIAFgAdccmVsYXRpdmVQYXRoWWFsaWFzRGF0YV8QIC4uLy4uLy4uLy4uL0Rlc2t0b3AvMDY2NzMzMDAucGRm0hcLGBlXTlMuZGF0YU8RAYIAAAAAAYIAAgAADE1hY2ludG9zaCBIRAAAAAAAAAAAAAAAAAAAANHhrztIKwAAAAbEhQwwNjY3MzMwMC5wZGYAAAAAAAAAAAAAAAAAAAAAAAAAAAAAAAAAAAAAAAAAAAAAAAAAAAAAAAAAAAAAAAAAAAAAzbga032tdwAAAAAAAAAAAAQAAgAACSAAAAAAAAAAAAAAAAAAAAAHRGVza3RvcAAAEAAIAADR4SKbAAAAEQAIAADTfSDXAAAAAQAMAAbEhQAGxHQAApgFAAIAOU1hY2ludG9zaCBIRDpVc2VyczoAbWljaGFlbHRob3JlYXU6AERlc2t0b3A6ADA2NjczMzAwLnBkZgAADgAaAAwAMAA2ADYANwAzADMAMAAwAC4AcABkAGYADwAaAAwATQBhAGMAaQBuAHQAbwBzAGgAIABIAEQAEgApVXNlcnMvbWljaGFlbHRob3JlYXUvRGVza3RvcC8wNjY3MzMwMC5wZGYAABMAAS8AABUAAgAV//8AAIAG0hscHR5aJGNsYXNzbmFtZVgkY2xhc3Nlc11OU011dGFibGVEYXRhox0fIFZOU0RhdGFYTlNPYmplY3TSGxwiI1xOU0RpY3Rpb25hcnmiIiBfEA9OU0tleWVkQXJjaGl2ZXLRJidUcm9vdIABAAgAEQAaACMALQAyADcAQABGAE0AVQBgAGcAagBsAG4AcQBzAHUAdwCEAI4AsQC2AL4CRAJGAksCVgJfAm0CcQJ4AoEChgKTApYCqAKrArAAAAAAAAACAQAAAAAAAAAoAAAAAAAAAAAAAAAAAAACsg==},
	Bdsk-Url-1 = {http://dx.doi.org/10.1109/VLSI-SoC.2013.6673300}}

@article{1143830,
	Author = {R. Schmidt},
	Date-Added = {2016-06-07 12:46:58 +0000},
	Date-Modified = {2016-06-07 12:46:58 +0000},
	Doi = {10.1109/TAP.1986.1143830},
	Issn = {0018-926X},
	Journal = {IEEE Transactions on Antennas and Propagation},
	Keywords = {Adaptive arrays;Direction-of-arrival estimation;Parameter estimation;Signal processing antennas;Direction of arrival estimation;Frequency estimation;Interference;Multiple signal classification;Parameter estimation;Polarization;Sensor arrays;Sensor phenomena and characterization;Signal processing;Working environment noise},
	Month = {Mar},
	Number = {3},
	Pages = {276-280},
	Title = {Multiple emitter location and signal parameter estimation},
	Volume = {34},
	Year = {1986},
	Bdsk-File-1 = {YnBsaXN0MDDUAQIDBAUGJCVYJHZlcnNpb25YJG9iamVjdHNZJGFyY2hpdmVyVCR0b3ASAAGGoKgHCBMUFRYaIVUkbnVsbNMJCgsMDxJXTlMua2V5c1pOUy5vYmplY3RzViRjbGFzc6INDoACgAOiEBGABIAFgAdccmVsYXRpdmVQYXRoWWFsaWFzRGF0YV8QIi4uLy4uLy4uLy4uL0Rvd25sb2Fkcy8wMTE0MzgzMC5wZGbSFwsYGVdOUy5kYXRhTxEBiAAAAAABiAACAAAMTWFjaW50b3NoIEhEAAAAAAAAAAAAAAAAAAAA0eGvO0grAAAABsR3DDAxMTQzODMwLnBkZgAAAAAAAAAAAAAAAAAAAAAAAAAAAAAAAAAAAAAAAAAAAAAAAAAAAAAAAAAAAAAAAAAAAADNmUvTfP9sAAAAAAAAAAAABAACAAAJIAAAAAAAAAAAAAAAAAAAAAlEb3dubG9hZHMAABAACAAA0eEimwAAABEACAAA03xyzAAAAAEADAAGxHcABsR0AAKYBQACADtNYWNpbnRvc2ggSEQ6VXNlcnM6AG1pY2hhZWx0aG9yZWF1OgBEb3dubG9hZHM6ADAxMTQzODMwLnBkZgAADgAaAAwAMAAxADEANAAzADgAMwAwAC4AcABkAGYADwAaAAwATQBhAGMAaQBuAHQAbwBzAGgAIABIAEQAEgArVXNlcnMvbWljaGFlbHRob3JlYXUvRG93bmxvYWRzLzAxMTQzODMwLnBkZgAAEwABLwAAFQACABX//wAAgAbSGxwdHlokY2xhc3NuYW1lWCRjbGFzc2VzXU5TTXV0YWJsZURhdGGjHR8gVk5TRGF0YVhOU09iamVjdNIbHCIjXE5TRGljdGlvbmFyeaIiIF8QD05TS2V5ZWRBcmNoaXZlctEmJ1Ryb290gAEACAARABoAIwAtADIANwBAAEYATQBVAGAAZwBqAGwAbgBxAHMAdQB3AIQAjgCzALgAwAJMAk4CUwJeAmcCdQJ5AoACiQKOApsCngKwArMCuAAAAAAAAAIBAAAAAAAAACgAAAAAAAAAAAAAAAAAAAK6},
	Bdsk-Url-1 = {http://dx.doi.org/10.1109/TAP.1986.1143830}}

@inproceedings{4217031,
	Author = {H. Do and H. F. Silverman and Y. Yu},
	Booktitle = {2007 IEEE International Conference on Acoustics, Speech and Signal Processing - ICASSP '07},
	Date-Added = {2016-06-07 11:59:36 +0000},
	Date-Modified = {2016-06-07 11:59:36 +0000},
	Doi = {10.1109/ICASSP.2007.366631},
	Issn = {1520-6149},
	Keywords = {acoustic signal processing;microphone arrays;stochastic processes;time-of-arrival estimation;computationally-intensive grid-search methods;direct time-difference of arrival methods;large-aperture microphone array applications;phase transform;real-time SRP-PHAT source location implementation;reverberant environment;steered response power;stochastic region contraction;Acoustic noise;Grid computing;Microphone arrays;Position measurement;Power engineering and energy;Power engineering computing;Real time systems;Robustness;Stochastic processes;System testing;Optimization methods;acoustic position measurement;arrays;microphones},
	Month = {April},
	Pages = {I-121-I-124},
	Title = {A Real-Time SRP-PHAT Source Location Implementation using Stochastic Region Contraction(SRC) on a Large-Aperture Microphone Array},
	Volume = {1},
	Year = {2007},
	Bdsk-File-1 = {YnBsaXN0MDDUAQIDBAUGJCVYJHZlcnNpb25YJG9iamVjdHNZJGFyY2hpdmVyVCR0b3ASAAGGoKgHCBMUFRYaIVUkbnVsbNMJCgsMDxJXTlMua2V5c1pOUy5vYmplY3RzViRjbGFzc6INDoACgAOiEBGABIAFgAdccmVsYXRpdmVQYXRoWWFsaWFzRGF0YV8QJS4uLy4uLy4uLy4uL0Rvd25sb2Fkcy8wNDIxNzAzMSgxKS5wZGbSFwsYGVdOUy5kYXRhTxEBkgAAAAABkgACAAAMTWFjaW50b3NoIEhEAAAAAAAAAAAAAAAAAAAA0eGvO0grAAAABsR3DzA0MjE3MDMxKDEpLnBkZgAAAAAAAAAAAAAAAAAAAAAAAAAAAAAAAAAAAAAAAAAAAAAAAAAAAAAAAAAAAAAAAADNlgDTfPXnAAAAAAAAAAAABAACAAAJIAAAAAAAAAAAAAAAAAAAAAlEb3dubG9hZHMAABAACAAA0eEimwAAABEACAAA03xpRwAAAAEADAAGxHcABsR0AAKYBQACAD5NYWNpbnRvc2ggSEQ6VXNlcnM6AG1pY2hhZWx0aG9yZWF1OgBEb3dubG9hZHM6ADA0MjE3MDMxKDEpLnBkZgAOACAADwAwADQAMgAxADcAMAAzADEAKAAxACkALgBwAGQAZgAPABoADABNAGEAYwBpAG4AdABvAHMAaAAgAEgARAASAC5Vc2Vycy9taWNoYWVsdGhvcmVhdS9Eb3dubG9hZHMvMDQyMTcwMzEoMSkucGRmABMAAS8AABUAAgAV//8AAIAG0hscHR5aJGNsYXNzbmFtZVgkY2xhc3Nlc11OU011dGFibGVEYXRhox0fIFZOU0RhdGFYTlNPYmplY3TSGxwiI1xOU0RpY3Rpb25hcnmiIiBfEA9OU0tleWVkQXJjaGl2ZXLRJidUcm9vdIABAAgAEQAaACMALQAyADcAQABGAE0AVQBgAGcAagBsAG4AcQBzAHUAdwCEAI4AtgC7AMMCWQJbAmACawJ0AoIChgKNApYCmwKoAqsCvQLAAsUAAAAAAAACAQAAAAAAAAAoAAAAAAAAAAAAAAAAAAACxw==},
	Bdsk-Url-1 = {http://dx.doi.org/10.1109/ICASSP.2007.366631}}

@article{1162830,
	Author = {C. Knapp and G. Carter},
	Date-Added = {2016-06-07 11:46:52 +0000},
	Date-Modified = {2016-06-07 11:46:52 +0000},
	Doi = {10.1109/TASSP.1976.1162830},
	Issn = {0096-3518},
	Journal = {IEEE Transactions on Acoustics, Speech, and Signal Processing},
	Keywords = {Correlation;Correlators;Delay effects;Delay estimation;Frequency;Mathematical model;Maximum likelihood estimation;Propagation delay;Signal processing;Signal to noise ratio},
	Month = {Aug},
	Number = {4},
	Pages = {320-327},
	Title = {The generalized correlation method for estimation of time delay},
	Volume = {24},
	Year = {1976},
	Bdsk-File-1 = {YnBsaXN0MDDUAQIDBAUGJCVYJHZlcnNpb25YJG9iamVjdHNZJGFyY2hpdmVyVCR0b3ASAAGGoKgHCBMUFRYaIVUkbnVsbNMJCgsMDxJXTlMua2V5c1pOUy5vYmplY3RzViRjbGFzc6INDoACgAOiEBGABIAFgAdccmVsYXRpdmVQYXRoWWFsaWFzRGF0YV8QIi4uLy4uLy4uLy4uL0Rvd25sb2Fkcy8wMTE2MjgzMC5wZGbSFwsYGVdOUy5kYXRhTxEBiAAAAAABiAACAAAMTWFjaW50b3NoIEhEAAAAAAAAAAAAAAAAAAAA0eGvO0grAAAABsR3DDAxMTYyODMwLnBkZgAAAAAAAAAAAAAAAAAAAAAAAAAAAAAAAAAAAAAAAAAAAAAAAAAAAAAAAAAAAAAAAAAAAADNkA7TfPFAAAAAAAAAAAAABAACAAAJIAAAAAAAAAAAAAAAAAAAAAlEb3dubG9hZHMAABAACAAA0eEimwAAABEACAAA03xkoAAAAAEADAAGxHcABsR0AAKYBQACADtNYWNpbnRvc2ggSEQ6VXNlcnM6AG1pY2hhZWx0aG9yZWF1OgBEb3dubG9hZHM6ADAxMTYyODMwLnBkZgAADgAaAAwAMAAxADEANgAyADgAMwAwAC4AcABkAGYADwAaAAwATQBhAGMAaQBuAHQAbwBzAGgAIABIAEQAEgArVXNlcnMvbWljaGFlbHRob3JlYXUvRG93bmxvYWRzLzAxMTYyODMwLnBkZgAAEwABLwAAFQACABX//wAAgAbSGxwdHlokY2xhc3NuYW1lWCRjbGFzc2VzXU5TTXV0YWJsZURhdGGjHR8gVk5TRGF0YVhOU09iamVjdNIbHCIjXE5TRGljdGlvbmFyeaIiIF8QD05TS2V5ZWRBcmNoaXZlctEmJ1Ryb290gAEACAARABoAIwAtADIANwBAAEYATQBVAGAAZwBqAGwAbgBxAHMAdQB3AIQAjgCzALgAwAJMAk4CUwJeAmcCdQJ5AoACiQKOApsCngKwArMCuAAAAAAAAAIBAAAAAAAAACgAAAAAAAAAAAAAAAAAAAK6},
	Bdsk-Url-1 = {http://dx.doi.org/10.1109/TASSP.1976.1162830}}

@inproceedings{4697676,
	Author = {Bo Qin and Heng Zhang and Qiang Fu and Yonghong Yan},
	Booktitle = {2008 9th International Conference on Signal Processing},
	Date-Added = {2016-06-07 10:56:00 +0000},
	Date-Modified = {2016-06-07 10:56:00 +0000},
	Doi = {10.1109/ICOSP.2008.4697676},
	Issn = {2164-5221},
	Keywords = {correlation methods;delays;estimation theory;sensor fusion;signal processing;Cross correlation function;GCC PHAT algorithm;computer simulations;multisensor signal processing;sinc-fitted model;subsample time delay estimation;Acoustic noise;Delay effects;Delay estimation;Interference;Microphones;Robustness;Sampling methods;Sequences;Signal processing algorithms;Working environment noise},
	Month = {Oct},
	Pages = {2579-2582},
	Title = {Subsample time delay estimation via improved GCC PHAT algorithm},
	Year = {2008},
	Bdsk-File-1 = {YnBsaXN0MDDUAQIDBAUGJCVYJHZlcnNpb25YJG9iamVjdHNZJGFyY2hpdmVyVCR0b3ASAAGGoKgHCBMUFRYaIVUkbnVsbNMJCgsMDxJXTlMua2V5c1pOUy5vYmplY3RzViRjbGFzc6INDoACgAOiEBGABIAFgAdccmVsYXRpdmVQYXRoWWFsaWFzRGF0YV8QIi4uLy4uLy4uLy4uL0Rvd25sb2Fkcy8wNDY5NzY3Ni5wZGbSFwsYGVdOUy5kYXRhTxEBiAAAAAABiAACAAAMTWFjaW50b3NoIEhEAAAAAAAAAAAAAAAAAAAA0eGvO0grAAAABsR3DDA0Njk3Njc2LnBkZgAAAAAAAAAAAAAAAAAAAAAAAAAAAAAAAAAAAAAAAAAAAAAAAAAAAAAAAAAAAAAAAAAAAADNiGnTfOVsAAAAAAAAAAAABAACAAAJIAAAAAAAAAAAAAAAAAAAAAlEb3dubG9hZHMAABAACAAA0eEimwAAABEACAAA03xYzAAAAAEADAAGxHcABsR0AAKYBQACADtNYWNpbnRvc2ggSEQ6VXNlcnM6AG1pY2hhZWx0aG9yZWF1OgBEb3dubG9hZHM6ADA0Njk3Njc2LnBkZgAADgAaAAwAMAA0ADYAOQA3ADYANwA2AC4AcABkAGYADwAaAAwATQBhAGMAaQBuAHQAbwBzAGgAIABIAEQAEgArVXNlcnMvbWljaGFlbHRob3JlYXUvRG93bmxvYWRzLzA0Njk3Njc2LnBkZgAAEwABLwAAFQACABX//wAAgAbSGxwdHlokY2xhc3NuYW1lWCRjbGFzc2VzXU5TTXV0YWJsZURhdGGjHR8gVk5TRGF0YVhOU09iamVjdNIbHCIjXE5TRGljdGlvbmFyeaIiIF8QD05TS2V5ZWRBcmNoaXZlctEmJ1Ryb290gAEACAARABoAIwAtADIANwBAAEYATQBVAGAAZwBqAGwAbgBxAHMAdQB3AIQAjgCzALgAwAJMAk4CUwJeAmcCdQJ5AoACiQKOApsCngKwArMCuAAAAAAAAAIBAAAAAAAAACgAAAAAAAAAAAAAAAAAAAK6},
	Bdsk-Url-1 = {http://dx.doi.org/10.1109/ICOSP.2008.4697676}}

@inproceedings{676994,
	Author = {T. Curtis and P. Kember and B. O'Connell},
	Booktitle = {Underwater Applications of Image Processing (Ref. No. 1998/217), IEE Colloquium on},
	Date-Added = {2016-06-07 10:37:13 +0000},
	Date-Modified = {2016-06-07 10:37:13 +0000},
	Doi = {10.1049/ic:19980121},
	Keywords = {data acquisition;aggregate processing load;beamforming;detection processing;display systems;large aperture sensor arrays;real-time data acquisition;sonar imaging systems;wide band high resolution sonar techniques;wide processing bandwidths},
	Month = {Mar},
	Pages = {4/1-410},
	Title = {Wide band, high resolution sonar techniques},
	Year = {1998},
	Bdsk-File-1 = {YnBsaXN0MDDUAQIDBAUGJCVYJHZlcnNpb25YJG9iamVjdHNZJGFyY2hpdmVyVCR0b3ASAAGGoKgHCBMUFRYaIVUkbnVsbNMJCgsMDxJXTlMua2V5c1pOUy5vYmplY3RzViRjbGFzc6INDoACgAOiEBGABIAFgAdccmVsYXRpdmVQYXRoWWFsaWFzRGF0YV8QIi4uLy4uLy4uLy4uL0Rvd25sb2Fkcy93aWRlYmFuZC5wZGbSFwsYGVdOUy5kYXRhTxEBiAAAAAABiAACAAAMTWFjaW50b3NoIEhEAAAAAAAAAAAAAAAAAAAA0eGvO0grAAAABsR3DHdpZGViYW5kLnBkZgAAAAAAAAAAAAAAAAAAAAAAAAAAAAAAAAAAAAAAAAAAAAAAAAAAAAAAAAAAAAAAAAAAAADNhf7TfOEBAAAAAAAAAAAABAACAAAJIAAAAAAAAAAAAAAAAAAAAAlEb3dubG9hZHMAABAACAAA0eEimwAAABEACAAA03xUYQAAAAEADAAGxHcABsR0AAKYBQACADtNYWNpbnRvc2ggSEQ6VXNlcnM6AG1pY2hhZWx0aG9yZWF1OgBEb3dubG9hZHM6AHdpZGViYW5kLnBkZgAADgAaAAwAdwBpAGQAZQBiAGEAbgBkAC4AcABkAGYADwAaAAwATQBhAGMAaQBuAHQAbwBzAGgAIABIAEQAEgArVXNlcnMvbWljaGFlbHRob3JlYXUvRG93bmxvYWRzL3dpZGViYW5kLnBkZgAAEwABLwAAFQACABX//wAAgAbSGxwdHlokY2xhc3NuYW1lWCRjbGFzc2VzXU5TTXV0YWJsZURhdGGjHR8gVk5TRGF0YVhOU09iamVjdNIbHCIjXE5TRGljdGlvbmFyeaIiIF8QD05TS2V5ZWRBcmNoaXZlctEmJ1Ryb290gAEACAARABoAIwAtADIANwBAAEYATQBVAGAAZwBqAGwAbgBxAHMAdQB3AIQAjgCzALgAwAJMAk4CUwJeAmcCdQJ5AoACiQKOApsCngKwArMCuAAAAAAAAAIBAAAAAAAAACgAAAAAAAAAAAAAAAAAAAK6},
	Bdsk-Url-1 = {http://dx.doi.org/10.1049/ic:19980121}}

@electronic{conventional_beamforming,
	Author = {Sven Peter N{\"a}sholm},
	Date-Added = {2016-06-07 10:15:00 +0000},
	Date-Modified = {2016-06-07 10:16:06 +0000},
	Keywords = {Conventional Beamforming},
	Title = {Conventional Beamforming},
	Urldate = {http://www.uio.no/studier/emner/matnat/ifi/INF5410/v12/undervisningsmateriale/foils/conventional_beamforming_part_1_plus_2.pdf}}

@webpage{labbook_beamformer,
	Date-Added = {2016-06-07 09:57:28 +0000},
	Date-Modified = {2016-06-07 09:57:49 +0000},
	Keywords = {beamformer},
	Month = {October},
	Url = {http://www.labbookpages.co.uk/audio/beamforming/delaySum.html},
	Year = {2012},
	Bdsk-Url-1 = {http://www.labbookpages.co.uk/audio/beamforming/delaySum.html}}

@inproceedings{5346540,
	Author = {H. Do and H. F. Silverman},
	Booktitle = {2009 IEEE Workshop on Applications of Signal Processing to Audio and Acoustics},
	Date-Added = {2016-06-07 09:20:22 +0000},
	Date-Modified = {2016-06-07 09:20:22 +0000},
	Doi = {10.1109/ASPAA.2009.5346540},
	Issn = {1931-1168},
	Keywords = {optimisation;particle filtering (numerical methods);signal sampling;stochastic processes;computation reduction algorithms;fast SRP-PHAT single source localization algorithm;importance sampling technique;low-cost global optimization technique;robust source localization algorithm;steered response power;stochastic particle filtering;stochastic region contraction;Computational efficiency;Computational modeling;Costs;Degradation;Filtering algorithms;Monte Carlo methods;Noise reduction;Noise robustness;Stochastic processes;Stochastic resonance;Microphones;acoustic radiators;particle filters;position measurement},
	Month = {Oct},
	Pages = {213-216},
	Title = {Stochastic particle filtering: A fast SRP-PHAT single source localization algorithm},
	Year = {2009},
	Bdsk-File-1 = {YnBsaXN0MDDUAQIDBAUGJCVYJHZlcnNpb25YJG9iamVjdHNZJGFyY2hpdmVyVCR0b3ASAAGGoKgHCBMUFRYaIVUkbnVsbNMJCgsMDxJXTlMua2V5c1pOUy5vYmplY3RzViRjbGFzc6INDoACgAOiEBGABIAFgAdccmVsYXRpdmVQYXRoWWFsaWFzRGF0YV8QIi4uLy4uLy4uLy4uL0Rvd25sb2Fkcy8wNTM0NjU0MC5wZGbSFwsYGVdOUy5kYXRhTxEBiAAAAAABiAACAAAMTWFjaW50b3NoIEhEAAAAAAAAAAAAAAAAAAAA0eGvO0grAAAABsR3DDA1MzQ2NTQwLnBkZgAAAAAAAAAAAAAAAAAAAAAAAAAAAAAAAAAAAAAAAAAAAAAAAAAAAAAAAAAAAAAAAAAAAADNkF7TfPFnAAAAAAAAAAAABAACAAAJIAAAAAAAAAAAAAAAAAAAAAlEb3dubG9hZHMAABAACAAA0eEimwAAABEACAAA03xkxwAAAAEADAAGxHcABsR0AAKYBQACADtNYWNpbnRvc2ggSEQ6VXNlcnM6AG1pY2hhZWx0aG9yZWF1OgBEb3dubG9hZHM6ADA1MzQ2NTQwLnBkZgAADgAaAAwAMAA1ADMANAA2ADUANAAwAC4AcABkAGYADwAaAAwATQBhAGMAaQBuAHQAbwBzAGgAIABIAEQAEgArVXNlcnMvbWljaGFlbHRob3JlYXUvRG93bmxvYWRzLzA1MzQ2NTQwLnBkZgAAEwABLwAAFQACABX//wAAgAbSGxwdHlokY2xhc3NuYW1lWCRjbGFzc2VzXU5TTXV0YWJsZURhdGGjHR8gVk5TRGF0YVhOU09iamVjdNIbHCIjXE5TRGljdGlvbmFyeaIiIF8QD05TS2V5ZWRBcmNoaXZlctEmJ1Ryb290gAEACAARABoAIwAtADIANwBAAEYATQBVAGAAZwBqAGwAbgBxAHMAdQB3AIQAjgCzALgAwAJMAk4CUwJeAmcCdQJ5AoACiQKOApsCngKwArMCuAAAAAAAAAIBAAAAAAAAACgAAAAAAAAAAAAAAAAAAAK6},
	Bdsk-Url-1 = {http://dx.doi.org/10.1109/ASPAA.2009.5346540}}

@inproceedings{7058546,
	Author = {U. Hamid and R. A. Qamar},
	Booktitle = {2015 12th International Bhurban Conference on Applied Sciences and Technology (IBCAST)},
	Date-Added = {2016-06-07 06:50:09 +0000},
	Date-Modified = {2016-06-07 06:50:09 +0000},
	Doi = {10.1109/IBCAST.2015.7058546},
	Issn = {2151-1403},
	Keywords = {array signal processing;fast Fourier transforms;mathematics computing;sensor arrays;underwater equipment;2D-FFT beamforming technique;Bartlett beamforming technique;MATLAB simulations;MUSIC beamforming technique;linear sensor array;real-time data;underwater sensor arrays;2D-FFT;Bartlett;MUSIC;beamforming;detection;sensor array},
	Month = {Jan},
	Pages = {483-488},
	Title = {Evaluating the detection capability of different beamforming techniques based on real-time data of underwater sensor arrays},
	Year = {2015},
	Bdsk-File-1 = {YnBsaXN0MDDUAQIDBAUGJCVYJHZlcnNpb25YJG9iamVjdHNZJGFyY2hpdmVyVCR0b3ASAAGGoKgHCBMUFRYaIVUkbnVsbNMJCgsMDxJXTlMua2V5c1pOUy5vYmplY3RzViRjbGFzc6INDoACgAOiEBGABIAFgAdccmVsYXRpdmVQYXRoWWFsaWFzRGF0YV8QIi4uLy4uLy4uLy4uL0Rvd25sb2Fkcy8wNzA1ODU0Ni5wZGbSFwsYGVdOUy5kYXRhTxEBiAAAAAABiAACAAAMTWFjaW50b3NoIEhEAAAAAAAAAAAAAAAAAAAA0eGvO0grAAAABsR3DDA3MDU4NTQ2LnBkZgAAAAAAAAAAAAAAAAAAAAAAAAAAAAAAAAAAAAAAAAAAAAAAAAAAAAAAAAAAAAAAAAAAAADNbYHTfKvDAAAAAAAAAAAABAACAAAJIAAAAAAAAAAAAAAAAAAAAAlEb3dubG9hZHMAABAACAAA0eEimwAAABEACAAA03wfIwAAAAEADAAGxHcABsR0AAKYBQACADtNYWNpbnRvc2ggSEQ6VXNlcnM6AG1pY2hhZWx0aG9yZWF1OgBEb3dubG9hZHM6ADA3MDU4NTQ2LnBkZgAADgAaAAwAMAA3ADAANQA4ADUANAA2AC4AcABkAGYADwAaAAwATQBhAGMAaQBuAHQAbwBzAGgAIABIAEQAEgArVXNlcnMvbWljaGFlbHRob3JlYXUvRG93bmxvYWRzLzA3MDU4NTQ2LnBkZgAAEwABLwAAFQACABX//wAAgAbSGxwdHlokY2xhc3NuYW1lWCRjbGFzc2VzXU5TTXV0YWJsZURhdGGjHR8gVk5TRGF0YVhOU09iamVjdNIbHCIjXE5TRGljdGlvbmFyeaIiIF8QD05TS2V5ZWRBcmNoaXZlctEmJ1Ryb290gAEACAARABoAIwAtADIANwBAAEYATQBVAGAAZwBqAGwAbgBxAHMAdQB3AIQAjgCzALgAwAJMAk4CUwJeAmcCdQJ5AoACiQKOApsCngKwArMCuAAAAAAAAAIBAAAAAAAAACgAAAAAAAAAAAAAAAAAAAK6},
	Bdsk-Url-1 = {http://dx.doi.org/10.1109/IBCAST.2015.7058546}}

@inproceedings{1285009,
	Author = {Minseok Kim and K. Ichige and H. Arai},
	Booktitle = {Vehicular Technology Conference, 2003. VTC 2003-Fall. 2003 IEEE 58th},
	Date-Added = {2016-06-07 05:34:14 +0000},
	Date-Modified = {2016-06-07 05:34:14 +0000},
	Doi = {10.1109/VETECF.2003.1285009},
	Issn = {1090-3038},
	Keywords = {adaptive antenna arrays;array signal processing;cellular radio;digital signal processing chips;direction-of-arrival estimation;discrete Fourier transforms;eigenvalues and eigenfunctions;field programmable gate arrays;fixed point arithmetic;logic design;signal classification;CORDIC;DOA estimation system;FPGA;FPGA implementation;MUSIC angular spectra computation;adaptive array antenna;cellular wireless base stations;coordinate rotation digital computer;cyclic Jacobi processor;discrete Fourier transform;eigenvalue decomposition;fast DOA estimator;field programmable gate array;finite bit-length fixed-point operation;multiple signal classification;spatial DFT;spectral unitary MUSIC algorithm;Adaptive arrays;Antenna arrays;Base stations;Classification algorithms;Digital signal processing;Direction of arrival estimation;Discrete Fourier transforms;Field programmable gate arrays;High performance computing;Multiple signal classification},
	Month = {Oct},
	Pages = {213-217 Vol.1},
	Title = {Implementation of FPGA based fast DOA estimator using unitary MUSIC algorithm [cellular wireless base station applications]},
	Volume = {1},
	Year = {2003},
	Bdsk-Url-1 = {http://dx.doi.org/10.1109/VETECF.2003.1285009}}

@article{839978,
	Author = {M. Pesavento and A. B. Gershman and M. Haardt},
	Date-Added = {2016-06-07 05:28:42 +0000},
	Date-Modified = {2016-06-07 05:28:42 +0000},
	Doi = {10.1109/78.839978},
	Issn = {1053-587X},
	Journal = {IEEE Transactions on Signal Processing},
	Keywords = {array signal processing;computational complexity;covariance matrices;direction-of-arrival estimation;eigenvalues and eigenfunctions;matrix decomposition;signal classification;sonar signal processing;ultrasonics;DOA estimation;asymptotic performance;coherent sources;computational complexity reduction;direction-of-arrival estimation;eigenanalysis;experiment;partially correlated sources;real-valued covariance matrix;real-valued eigendecomposition;root-MUSIC;simulations;sonar real data processing;ultrasonic real data processing;uncorrelated sources;uniform linear array;unitary root-MUSIC algorithm;Computational complexity;Covariance matrix;Data processing;Degradation;Direction of arrival estimation;Helium;Performance analysis;Sensor arrays;Sonar;Testing},
	Month = {May},
	Number = {5},
	Pages = {1306-1314},
	Title = {Unitary root-MUSIC with a real-valued eigendecomposition: a theoretical and experimental performance study},
	Volume = {48},
	Year = {2000},
	Bdsk-File-1 = {YnBsaXN0MDDUAQIDBAUGJCVYJHZlcnNpb25YJG9iamVjdHNZJGFyY2hpdmVyVCR0b3ASAAGGoKgHCBMUFRYaIVUkbnVsbNMJCgsMDxJXTlMua2V5c1pOUy5vYmplY3RzViRjbGFzc6INDoACgAOiEBGABIAFgAdccmVsYXRpdmVQYXRoWWFsaWFzRGF0YV8QIi4uLy4uLy4uLy4uL0Rvd25sb2Fkcy8wMDgzOTk3OC5wZGbSFwsYGVdOUy5kYXRhTxEBiAAAAAABiAACAAAMTWFjaW50b3NoIEhEAAAAAAAAAAAAAAAAAAAA0eGvO0grAAAABsR3DDAwODM5OTc4LnBkZgAAAAAAAAAAAAAAAAAAAAAAAAAAAAAAAAAAAAAAAAAAAAAAAAAAAAAAAAAAAAAAAAAAAADNg/DTfN4BAAAAAAAAAAAABAACAAAJIAAAAAAAAAAAAAAAAAAAAAlEb3dubG9hZHMAABAACAAA0eEimwAAABEACAAA03xRYQAAAAEADAAGxHcABsR0AAKYBQACADtNYWNpbnRvc2ggSEQ6VXNlcnM6AG1pY2hhZWx0aG9yZWF1OgBEb3dubG9hZHM6ADAwODM5OTc4LnBkZgAADgAaAAwAMAAwADgAMwA5ADkANwA4AC4AcABkAGYADwAaAAwATQBhAGMAaQBuAHQAbwBzAGgAIABIAEQAEgArVXNlcnMvbWljaGFlbHRob3JlYXUvRG93bmxvYWRzLzAwODM5OTc4LnBkZgAAEwABLwAAFQACABX//wAAgAbSGxwdHlokY2xhc3NuYW1lWCRjbGFzc2VzXU5TTXV0YWJsZURhdGGjHR8gVk5TRGF0YVhOU09iamVjdNIbHCIjXE5TRGljdGlvbmFyeaIiIF8QD05TS2V5ZWRBcmNoaXZlctEmJ1Ryb290gAEACAARABoAIwAtADIANwBAAEYATQBVAGAAZwBqAGwAbgBxAHMAdQB3AIQAjgCzALgAwAJMAk4CUwJeAmcCdQJ5AoACiQKOApsCngKwArMCuAAAAAAAAAIBAAAAAAAAACgAAAAAAAAAAAAAAAAAAAK6},
	Bdsk-Url-1 = {http://dx.doi.org/10.1109/78.839978}}

@article{curtis1998principles,
	Author = {Curtis, TE},
	Date-Added = {2016-06-07 04:23:03 +0000},
	Date-Modified = {2016-06-07 04:23:03 +0000},
	Journal = {Copyright Curtis Technology (UK) Ltd},
	Title = {Principles of Sonar Beamforming},
	Year = {1998}}

@webpage{labbook_delay,
	Date-Added = {2016-06-06 12:05:25 +0000},
	Date-Modified = {2016-06-06 12:06:56 +0000},
	Keywords = {beamforming delays},
	Month = {September},
	Url = {http://www.labbookpages.co.uk/audio/beamforming/delayCalc.html},
	Year = {2010},
	Bdsk-Url-1 = {http://www.labbookpages.co.uk/audio/beamforming/delayCalc.html}}

@book{HorowitzHill201504,
	Author = {Paul Horowitz and Winfield Hill},
	Date-Added = {2016-06-05 08:33:28 +0000},
	Date-Modified = {2016-06-05 08:33:28 +0000},
	Edition = {3},
	Isbn = {9780521809269},
	Month = {4},
	Price = {$120.00},
	Publisher = {Cambridge University Press},
	Timestamp = {2016.06.05},
	Title = {The Art of Electronics},
	Totalpages = {1219},
	Url = {http://amazon.com/o/ASIN/0521809266/},
	Year = {2015},
	Bdsk-Url-1 = {http://amazon.com/o/ASIN/0521809266/}}

@article{cooley1965algorithm,
	Author = {Cooley, James W and Tukey, John W},
	Date-Added = {2016-06-05 03:06:21 +0000},
	Date-Modified = {2016-06-05 03:06:21 +0000},
	Journal = {Mathematics of computation},
	Number = {90},
	Pages = {297--301},
	Publisher = {JSTOR},
	Title = {An algorithm for the machine calculation of complex Fourier series},
	Volume = {19},
	Year = {1965}}

@inproceedings{6882370,
	Author = {H. A. S{\'a}nchez-Hevia and R. Gil-Pita and M. Rosa-Zurera},
	Booktitle = {2014 IEEE 8th Sensor Array and Multichannel Signal Processing Workshop (SAM)},
	Date-Added = {2016-06-04 06:54:38 +0000},
	Date-Modified = {2016-06-04 06:54:38 +0000},
	Doi = {10.1109/SAM.2014.6882370},
	Issn = {1551-2282},
	Keywords = {field programmable gate arrays;filtering theory;micromechanical devices;microphone arrays;real-time systems;FPGA based real-time acoustic camera;PDM MEMS microphones;acoustic camera architecture;acoustic cameras;acquisition channels;analog front-end;custom demodulation filter;digital signal path;input channels;microphone array;real-time processing capabilities;signal processing techniques;sound waves;visual representation;Acoustics;Arrays;Delays;Demodulation;Hardware;Micromechanical devices;Microphones},
	Month = {June},
	Pages = {181-184},
	Title = {FPGA-based real-time acoustic camera using pdm mems microphones with a custom demodulation filter},
	Year = {2014},
	Bdsk-File-1 = {YnBsaXN0MDDUAQIDBAUGJCVYJHZlcnNpb25YJG9iamVjdHNZJGFyY2hpdmVyVCR0b3ASAAGGoKgHCBMUFRYaIVUkbnVsbNMJCgsMDxJXTlMua2V5c1pOUy5vYmplY3RzViRjbGFzc6INDoACgAOiEBGABIAFgAdccmVsYXRpdmVQYXRoWWFsaWFzRGF0YV8QIi4uLy4uLy4uLy4uL0Rvd25sb2Fkcy8wNjg4MjM3MC5wZGbSFwsYGVdOUy5kYXRhTxEBiAAAAAABiAACAAAMTWFjaW50b3NoIEhEAAAAAAAAAAAAAAAAAAAA0eGvO0grAAAABsR3DDA2ODgyMzcwLnBkZgAAAAAAAAAAAAAAAAAAAAAAAAAAAAAAAAAAAAAAAAAAAAAAAAAAAAAAAAAAAAAAAAAAAADLH0nTeLg4AAAAAAAAAAAABAACAAAJIAAAAAAAAAAAAAAAAAAAAAlEb3dubG9hZHMAABAACAAA0eEimwAAABEACAAA03grmAAAAAEADAAGxHcABsR0AAKYBQACADtNYWNpbnRvc2ggSEQ6VXNlcnM6AG1pY2hhZWx0aG9yZWF1OgBEb3dubG9hZHM6ADA2ODgyMzcwLnBkZgAADgAaAAwAMAA2ADgAOAAyADMANwAwAC4AcABkAGYADwAaAAwATQBhAGMAaQBuAHQAbwBzAGgAIABIAEQAEgArVXNlcnMvbWljaGFlbHRob3JlYXUvRG93bmxvYWRzLzA2ODgyMzcwLnBkZgAAEwABLwAAFQACABX//wAAgAbSGxwdHlokY2xhc3NuYW1lWCRjbGFzc2VzXU5TTXV0YWJsZURhdGGjHR8gVk5TRGF0YVhOU09iamVjdNIbHCIjXE5TRGljdGlvbmFyeaIiIF8QD05TS2V5ZWRBcmNoaXZlctEmJ1Ryb290gAEACAARABoAIwAtADIANwBAAEYATQBVAGAAZwBqAGwAbgBxAHMAdQB3AIQAjgCzALgAwAJMAk4CUwJeAmcCdQJ5AoACiQKOApsCngKwArMCuAAAAAAAAAIBAAAAAAAAACgAAAAAAAAAAAAAAAAAAAK6},
	Bdsk-Url-1 = {http://dx.doi.org/10.1109/SAM.2014.6882370}}

@inproceedings{5537298,
	Annote = {Live demo with results (FPGA based acoustic camera)},
	Author = {B. Zimmermann and C. Studer},
	Booktitle = {Proceedings of 2010 IEEE International Symposium on Circuits and Systems},
	Date-Added = {2016-06-04 06:47:10 +0000},
	Date-Modified = {2016-06-04 06:49:34 +0000},
	Doi = {10.1109/ISCAS.2010.5537298},
	Issn = {0271-4302},
	Keywords = {analogue-digital conversion;audio signal processing;cameras;field programmable gate arrays;microphones;real-time systems;A/D conversion board;FPGA;audio test signal;field programmable gate array;loudspeaker;microphone;real time acoustic camera;rectangular array;Acoustic arrays;Acoustic testing;Auditory displays;Cameras;Field programmable gate arrays;Loudspeakers;Microphone arrays;Portable computers;Prototypes;Thin film transistors},
	Month = {May},
	Pages = {1418-1418},
	Title = {Live demonstration: FPGA-based real-time acoustic camera prototype},
	Year = {2010},
	Bdsk-File-1 = {YnBsaXN0MDDUAQIDBAUGJCVYJHZlcnNpb25YJG9iamVjdHNZJGFyY2hpdmVyVCR0b3ASAAGGoKgHCBMUFRYaIVUkbnVsbNMJCgsMDxJXTlMua2V5c1pOUy5vYmplY3RzViRjbGFzc6INDoACgAOiEBGABIAFgAdccmVsYXRpdmVQYXRoWWFsaWFzRGF0YV8QIi4uLy4uLy4uLy4uL0Rvd25sb2Fkcy8wNTUzNzI5OC5wZGbSFwsYGVdOUy5kYXRhTxEBiAAAAAABiAACAAAMTWFjaW50b3NoIEhEAAAAAAAAAAAAAAAAAAAA0eGvO0grAAAABsR3DDA1NTM3Mjk4LnBkZgAAAAAAAAAAAAAAAAAAAAAAAAAAAAAAAAAAAAAAAAAAAAAAAAAAAAAAAAAAAAAAAAAAAADL2YzTeLZDAAAAAAAAAAAABAACAAAJIAAAAAAAAAAAAAAAAAAAAAlEb3dubG9hZHMAABAACAAA0eEimwAAABEACAAA03gpowAAAAEADAAGxHcABsR0AAKYBQACADtNYWNpbnRvc2ggSEQ6VXNlcnM6AG1pY2hhZWx0aG9yZWF1OgBEb3dubG9hZHM6ADA1NTM3Mjk4LnBkZgAADgAaAAwAMAA1ADUAMwA3ADIAOQA4AC4AcABkAGYADwAaAAwATQBhAGMAaQBuAHQAbwBzAGgAIABIAEQAEgArVXNlcnMvbWljaGFlbHRob3JlYXUvRG93bmxvYWRzLzA1NTM3Mjk4LnBkZgAAEwABLwAAFQACABX//wAAgAbSGxwdHlokY2xhc3NuYW1lWCRjbGFzc2VzXU5TTXV0YWJsZURhdGGjHR8gVk5TRGF0YVhOU09iamVjdNIbHCIjXE5TRGljdGlvbmFyeaIiIF8QD05TS2V5ZWRBcmNoaXZlctEmJ1Ryb290gAEACAARABoAIwAtADIANwBAAEYATQBVAGAAZwBqAGwAbgBxAHMAdQB3AIQAjgCzALgAwAJMAk4CUwJeAmcCdQJ5AoACiQKOApsCngKwArMCuAAAAAAAAAIBAAAAAAAAACgAAAAAAAAAAAAAAAAAAAK6},
	Bdsk-Url-1 = {http://dx.doi.org/10.1109/ISCAS.2010.5537298}}

@inproceedings{5537301,
	Annote = {FPGA based acoustic imaging using delay+sum beamforming},
	Author = {B. Zimmermann and C. Studer},
	Booktitle = {Proceedings of 2010 IEEE International Symposium on Circuits and Systems},
	Date-Added = {2016-06-04 05:01:39 +0000},
	Date-Modified = {2016-06-04 05:02:53 +0000},
	Doi = {10.1109/ISCAS.2010.5537301},
	Issn = {0271-4302},
	Keywords = {acoustic intensity measurement;acoustic signal processing;acoustic waves;array signal processing;cameras;field programmable gate arrays;microphone arrays;FPGA-based real-time acoustic camera prototype;Xilinx Spartan 3E FPGA;acoustic intensity-image;low-complexity field-programmable gate array based prototype;memory-bandwidth;microphone array;signal-processing algorithm;sound waves intensity;Acoustic arrays;Acoustic devices;Acoustic waves;Cameras;Field programmable gate arrays;Hardware;Microphone arrays;Prototypes;Signal processing algorithms;Visualization},
	Month = {May},
	Pages = {1419-1419},
	Title = {FPGA-based real-time acoustic camera prototype},
	Year = {2010},
	Bdsk-File-1 = {YnBsaXN0MDDUAQIDBAUGJCVYJHZlcnNpb25YJG9iamVjdHNZJGFyY2hpdmVyVCR0b3ASAAGGoKgHCBMUFRYaIVUkbnVsbNMJCgsMDxJXTlMua2V5c1pOUy5vYmplY3RzViRjbGFzc6INDoACgAOiEBGABIAFgAdccmVsYXRpdmVQYXRoWWFsaWFzRGF0YV8QJS4uLy4uLy4uLy4uL0Rvd25sb2Fkcy8wNTUzNzMwMSgxKS5wZGbSFwsYGVdOUy5kYXRhTxEBkgAAAAABkgACAAAMTWFjaW50b3NoIEhEAAAAAAAAAAAAAAAAAAAA0eGvO0grAAAABsR3DzA1NTM3MzAxKDEpLnBkZgAAAAAAAAAAAAAAAAAAAAAAAAAAAAAAAAAAAAAAAAAAAAAAAAAAAAAAAAAAAAAAAADLBcTTeJ3dAAAAAAAAAAAABAACAAAJIAAAAAAAAAAAAAAAAAAAAAlEb3dubG9hZHMAABAACAAA0eEimwAAABEACAAA03gRPQAAAAEADAAGxHcABsR0AAKYBQACAD5NYWNpbnRvc2ggSEQ6VXNlcnM6AG1pY2hhZWx0aG9yZWF1OgBEb3dubG9hZHM6ADA1NTM3MzAxKDEpLnBkZgAOACAADwAwADUANQAzADcAMwAwADEAKAAxACkALgBwAGQAZgAPABoADABNAGEAYwBpAG4AdABvAHMAaAAgAEgARAASAC5Vc2Vycy9taWNoYWVsdGhvcmVhdS9Eb3dubG9hZHMvMDU1MzczMDEoMSkucGRmABMAAS8AABUAAgAV//8AAIAG0hscHR5aJGNsYXNzbmFtZVgkY2xhc3Nlc11OU011dGFibGVEYXRhox0fIFZOU0RhdGFYTlNPYmplY3TSGxwiI1xOU0RpY3Rpb25hcnmiIiBfEA9OU0tleWVkQXJjaGl2ZXLRJidUcm9vdIABAAgAEQAaACMALQAyADcAQABGAE0AVQBgAGcAagBsAG4AcQBzAHUAdwCEAI4AtgC7AMMCWQJbAmACawJ0AoIChgKNApYCmwKoAqsCvQLAAsUAAAAAAAACAQAAAAAAAAAoAAAAAAAAAAAAAAAAAAACxw==},
	Bdsk-Url-1 = {http://dx.doi.org/10.1109/ISCAS.2010.5537301}}

@inproceedings{6293455,
	Annote = {Simple time of arrival estimation for ultrasonics with a compact array},
	Author = {V. Kunin and W. Jia and M. Turqueti and J. Saniie and E. Oruklu},
	Booktitle = {2011 IEEE International Ultrasonics Symposium},
	Date-Added = {2016-06-04 04:57:13 +0000},
	Date-Modified = {2016-06-04 04:57:39 +0000},
	Doi = {10.1109/ULTSYM.2011.0184},
	Issn = {1051-0117},
	Keywords = {acoustic noise;acoustic signal detection;anechoic chambers (acoustic);object detection;reverberation;ultrasonic devices;3D direction of arrival estimation;FPGA based data acquisition system;acoustic sensor array;anechoic chamber;external noises;object detection;reverberation echoes;sound source localization;ultrasonic sensor;Acoustics;Arrays;Equations;Microphones;Receivers;Sensors;Ultrasonic imaging;MEMS;acoustic arrays;sound imaging;sound source localization;sound tracking;ultrasound},
	Month = {Oct},
	Pages = {756-759},
	Title = {3D direction of arrival estimation and localization using ultrasonic sensors in an anechoic chamber},
	Year = {2011},
	Bdsk-File-1 = {YnBsaXN0MDDUAQIDBAUGJCVYJHZlcnNpb25YJG9iamVjdHNZJGFyY2hpdmVyVCR0b3ASAAGGoKgHCBMUFRYaIVUkbnVsbNMJCgsMDxJXTlMua2V5c1pOUy5vYmplY3RzViRjbGFzc6INDoACgAOiEBGABIAFgAdccmVsYXRpdmVQYXRoWWFsaWFzRGF0YV8QIi4uLy4uLy4uLy4uL0Rvd25sb2Fkcy8wNjI5MzQ1NS5wZGbSFwsYGVdOUy5kYXRhTxEBiAAAAAABiAACAAAMTWFjaW50b3NoIEhEAAAAAAAAAAAAAAAAAAAA0eGvO0grAAAABsR3DDA2MjkzNDU1LnBkZgAAAAAAAAAAAAAAAAAAAAAAAAAAAAAAAAAAAAAAAAAAAAAAAAAAAAAAAAAAAAAAAAAAAADLBQPTeJzRAAAAAAAAAAAABAACAAAJIAAAAAAAAAAAAAAAAAAAAAlEb3dubG9hZHMAABAACAAA0eEimwAAABEACAAA03gQMQAAAAEADAAGxHcABsR0AAKYBQACADtNYWNpbnRvc2ggSEQ6VXNlcnM6AG1pY2hhZWx0aG9yZWF1OgBEb3dubG9hZHM6ADA2MjkzNDU1LnBkZgAADgAaAAwAMAA2ADIAOQAzADQANQA1AC4AcABkAGYADwAaAAwATQBhAGMAaQBuAHQAbwBzAGgAIABIAEQAEgArVXNlcnMvbWljaGFlbHRob3JlYXUvRG93bmxvYWRzLzA2MjkzNDU1LnBkZgAAEwABLwAAFQACABX//wAAgAbSGxwdHlokY2xhc3NuYW1lWCRjbGFzc2VzXU5TTXV0YWJsZURhdGGjHR8gVk5TRGF0YVhOU09iamVjdNIbHCIjXE5TRGljdGlvbmFyeaIiIF8QD05TS2V5ZWRBcmNoaXZlctEmJ1Ryb290gAEACAARABoAIwAtADIANwBAAEYATQBVAGAAZwBqAGwAbgBxAHMAdQB3AIQAjgCzALgAwAJMAk4CUwJeAmcCdQJ5AoACiQKOApsCngKwArMCuAAAAAAAAAIBAAAAAAAAACgAAAAAAAAAAAAAAAAAAAK6},
	Bdsk-Url-1 = {http://dx.doi.org/10.1109/ULTSYM.2011.0184}}

@inproceedings{4618186,
	Annote = {Paper using an FPGA to process 3 microphones for real time localisation.},
	Author = {Seunghun Jin and Dongkyun Kim and Hyung Soon Kim and Chang Hoon Lee and Jong Suk Choi and Jae Wook Jeon},
	Booktitle = {2008 6th IEEE International Conference on Industrial Informatics},
	Date-Added = {2016-06-04 04:43:27 +0000},
	Date-Modified = {2016-06-04 04:44:30 +0000},
	Doi = {10.1109/INDIN.2008.4618186},
	Issn = {1935-4576},
	Keywords = {acoustic signal detection;acoustic signal processing;clocks;field programmable gate arrays;microphones;FPGA;acoustic signal capturing;azimuth computation;cross correlation;field programmable gate array;high frequency processing clock;intelligent service robots;low frequency signal capturing clock;microphones;parallel architecture;real-time sound source localization system;security applications;short-term energy computation;surveillance applications;time-delay of arrivals;Azimuth;Clocks;Concurrent computing;Energy capture;Field programmable gate arrays;Frequency;Microphones;Parallel architectures;Real time systems;Signal processing},
	Month = {July},
	Pages = {673-677},
	Rating = {4},
	Title = {Real-time sound source localization system based on FPGA},
	Year = {2008},
	Bdsk-File-1 = {YnBsaXN0MDDUAQIDBAUGJCVYJHZlcnNpb25YJG9iamVjdHNZJGFyY2hpdmVyVCR0b3ASAAGGoKgHCBMUFRYaIVUkbnVsbNMJCgsMDxJXTlMua2V5c1pOUy5vYmplY3RzViRjbGFzc6INDoACgAOiEBGABIAFgAdccmVsYXRpdmVQYXRoWWFsaWFzRGF0YV8QIi4uLy4uLy4uLy4uL0Rvd25sb2Fkcy8wNDYxODE4Ni5wZGbSFwsYGVdOUy5kYXRhTxEBiAAAAAABiAACAAAMTWFjaW50b3NoIEhEAAAAAAAAAAAAAAAAAAAA0eGvO0grAAAABsR3DDA0NjE4MTg2LnBkZgAAAAAAAAAAAAAAAAAAAAAAAAAAAAAAAAAAAAAAAAAAAAAAAAAAAAAAAAAAAAAAAAAAAADLAyTTeJmUAAAAAAAAAAAABAACAAAJIAAAAAAAAAAAAAAAAAAAAAlEb3dubG9hZHMAABAACAAA0eEimwAAABEACAAA03gM9AAAAAEADAAGxHcABsR0AAKYBQACADtNYWNpbnRvc2ggSEQ6VXNlcnM6AG1pY2hhZWx0aG9yZWF1OgBEb3dubG9hZHM6ADA0NjE4MTg2LnBkZgAADgAaAAwAMAA0ADYAMQA4ADEAOAA2AC4AcABkAGYADwAaAAwATQBhAGMAaQBuAHQAbwBzAGgAIABIAEQAEgArVXNlcnMvbWljaGFlbHRob3JlYXUvRG93bmxvYWRzLzA0NjE4MTg2LnBkZgAAEwABLwAAFQACABX//wAAgAbSGxwdHlokY2xhc3NuYW1lWCRjbGFzc2VzXU5TTXV0YWJsZURhdGGjHR8gVk5TRGF0YVhOU09iamVjdNIbHCIjXE5TRGljdGlvbmFyeaIiIF8QD05TS2V5ZWRBcmNoaXZlctEmJ1Ryb290gAEACAARABoAIwAtADIANwBAAEYATQBVAGAAZwBqAGwAbgBxAHMAdQB3AIQAjgCzALgAwAJMAk4CUwJeAmcCdQJ5AoACiQKOApsCngKwArMCuAAAAAAAAAIBAAAAAAAAACgAAAAAAAAAAAAAAAAAAAK6},
	Bdsk-Url-1 = {http://dx.doi.org/10.1109/INDIN.2008.4618186}}

@inproceedings{4488765,
	Annote = {FPGA vs cpu performance for cross correlations
Includes a comparison of development time},
	Author = {R. Duren and J. Stevenson and M. Thompson},
	Booktitle = {2007 50th Midwest Symposium on Circuits and Systems},
	Date-Added = {2016-06-04 04:06:57 +0000},
	Date-Modified = {2016-06-04 04:26:23 +0000},
	Doi = {10.1109/MWSCAS.2007.4488765},
	Issn = {1548-3746},
	Keywords = {acoustic arrays;digital signal processing chips;field programmable gate arrays;DSP development environment;FPGA development environment;acoustic array processing;digital signal processor;field programmable gate array;Acoustic arrays;Acoustic signal processing;Array signal processing;Delay effects;Delay estimation;Digital signal processing;Field programmable gate arrays;Microphone arrays;Signal processing;Signal processing algorithms},
	Month = {Aug},
	Pages = {1177-1180},
	Title = {A comparison of FPGA and DSP development environments and performance for acoustic array processing},
	Year = {2007},
	Bdsk-File-1 = {YnBsaXN0MDDUAQIDBAUGJCVYJHZlcnNpb25YJG9iamVjdHNZJGFyY2hpdmVyVCR0b3ASAAGGoKgHCBMUFRYaIVUkbnVsbNMJCgsMDxJXTlMua2V5c1pOUy5vYmplY3RzViRjbGFzc6INDoACgAOiEBGABIAFgAdccmVsYXRpdmVQYXRoWWFsaWFzRGF0YV8QIi4uLy4uLy4uLy4uL0Rvd25sb2Fkcy8wNDQ4ODc2NS5wZGbSFwsYGVdOUy5kYXRhTxEBiAAAAAABiAACAAAMTWFjaW50b3NoIEhEAAAAAAAAAAAAAAAAAAAA0eGvO0grAAAABsR3DDA0NDg4NzY1LnBkZgAAAAAAAAAAAAAAAAAAAAAAAAAAAAAAAAAAAAAAAAAAAAAAAAAAAAAAAAAAAAAAAAAAAADK/hjTeJDGAAAAAAAAAAAABAACAAAJIAAAAAAAAAAAAAAAAAAAAAlEb3dubG9hZHMAABAACAAA0eEimwAAABEACAAA03gEJgAAAAEADAAGxHcABsR0AAKYBQACADtNYWNpbnRvc2ggSEQ6VXNlcnM6AG1pY2hhZWx0aG9yZWF1OgBEb3dubG9hZHM6ADA0NDg4NzY1LnBkZgAADgAaAAwAMAA0ADQAOAA4ADcANgA1AC4AcABkAGYADwAaAAwATQBhAGMAaQBuAHQAbwBzAGgAIABIAEQAEgArVXNlcnMvbWljaGFlbHRob3JlYXUvRG93bmxvYWRzLzA0NDg4NzY1LnBkZgAAEwABLwAAFQACABX//wAAgAbSGxwdHlokY2xhc3NuYW1lWCRjbGFzc2VzXU5TTXV0YWJsZURhdGGjHR8gVk5TRGF0YVhOU09iamVjdNIbHCIjXE5TRGljdGlvbmFyeaIiIF8QD05TS2V5ZWRBcmNoaXZlctEmJ1Ryb290gAEACAARABoAIwAtADIANwBAAEYATQBVAGAAZwBqAGwAbgBxAHMAdQB3AIQAjgCzALgAwAJMAk4CUwJeAmcCdQJ5AoACiQKOApsCngKwArMCuAAAAAAAAAIBAAAAAAAAACgAAAAAAAAAAAAAAAAAAAK6},
	Bdsk-Url-1 = {http://dx.doi.org/10.1109/MWSCAS.2007.4488765}}

@inproceedings{5548866,
	Annote = {Primarily focussed on FPGA based sampling `capable of processing', but does not include processing.'

takeaway:
Networked Sampling - with possibility of processing
Uses a tight array, intended for planar approximations},
	Author = {M. Turqueti and J. Saniie and E. Oruklu},
	Booktitle = {2010 53rd IEEE International Midwest Symposium on Circuits and Systems},
	Date-Added = {2016-06-04 03:45:21 +0000},
	Date-Modified = {2016-06-04 03:59:44 +0000},
	Doi = {10.1109/MWSCAS.2010.5548866},
	Issn = {1548-3746},
	Keywords = {acoustic arrays;data acquisition;field programmable gate arrays;independent component analysis;micromechanical devices;FPGA based data acquisition;MEMS acoustic array;acoustic sensor array;consumer electronics;independent component analysis technique;microphone MEMS array;military systems;signal processing system;sound imaging;sound navigation;sound source separation;speech recognition;system integration;target application;Acoustic arrays;Acoustic sensors;Acoustic signal processing;Array signal processing;Data acquisition;Field programmable gate arrays;Micromechanical devices;Sensor arrays;Signal processing algorithms;Source separation;ICA;MEMS;Source separation;acoustic arrays;real-time;scalable;sound imaging;sound tracking},
	Month = {Aug},
	Pages = {1161-1164},
	Rating = {4},
	Title = {MEMS acoustic array embedded in an FPGA based data acquisition and signal processing system},
	Year = {2010},
	Bdsk-File-1 = {YnBsaXN0MDDUAQIDBAUGJCVYJHZlcnNpb25YJG9iamVjdHNZJGFyY2hpdmVyVCR0b3ASAAGGoKgHCBMUFRYaIVUkbnVsbNMJCgsMDxJXTlMua2V5c1pOUy5vYmplY3RzViRjbGFzc6INDoACgAOiEBGABIAFgAdccmVsYXRpdmVQYXRoWWFsaWFzRGF0YV8QIi4uLy4uLy4uLy4uL0Rvd25sb2Fkcy8wNTU0ODg2Ni5wZGbSFwsYGVdOUy5kYXRhTxEBiAAAAAABiAACAAAMTWFjaW50b3NoIEhEAAAAAAAAAAAAAAAAAAAA0eGvO0grAAAABsR3DDA1NTQ4ODY2LnBkZgAAAAAAAAAAAAAAAAAAAAAAAAAAAAAAAAAAAAAAAAAAAAAAAAAAAAAAAAAAAAAAAAAAAADK/EvTeI3BAAAAAAAAAAAABAACAAAJIAAAAAAAAAAAAAAAAAAAAAlEb3dubG9hZHMAABAACAAA0eEimwAAABEACAAA03gBIQAAAAEADAAGxHcABsR0AAKYBQACADtNYWNpbnRvc2ggSEQ6VXNlcnM6AG1pY2hhZWx0aG9yZWF1OgBEb3dubG9hZHM6ADA1NTQ4ODY2LnBkZgAADgAaAAwAMAA1ADUANAA4ADgANgA2AC4AcABkAGYADwAaAAwATQBhAGMAaQBuAHQAbwBzAGgAIABIAEQAEgArVXNlcnMvbWljaGFlbHRob3JlYXUvRG93bmxvYWRzLzA1NTQ4ODY2LnBkZgAAEwABLwAAFQACABX//wAAgAbSGxwdHlokY2xhc3NuYW1lWCRjbGFzc2VzXU5TTXV0YWJsZURhdGGjHR8gVk5TRGF0YVhOU09iamVjdNIbHCIjXE5TRGljdGlvbmFyeaIiIF8QD05TS2V5ZWRBcmNoaXZlctEmJ1Ryb290gAEACAARABoAIwAtADIANwBAAEYATQBVAGAAZwBqAGwAbgBxAHMAdQB3AIQAjgCzALgAwAJMAk4CUwJeAmcCdQJ5AoACiQKOApsCngKwArMCuAAAAAAAAAIBAAAAAAAAACgAAAAAAAAAAAAAAAAAAAK6},
	Bdsk-Url-1 = {http://dx.doi.org/10.1109/MWSCAS.2010.5548866}}

@article{lanslots2010selecting,
	Author = {Lanslots, Jeroen and Deblauwe, Filip and Janssens, Karl},
	Date-Added = {2016-05-14 07:00:12 +0000},
	Date-Modified = {2016-05-14 07:00:12 +0000},
	Journal = {Sound and Vibration},
	Number = {6},
	Pages = {6},
	Title = {Selecting sound source localization techniques for industrial applications},
	Volume = {44},
	Year = {2010}}

@inproceedings{5977669,
	Author = {J. George and L. M. Kaplan},
	Booktitle = {Information Fusion (FUSION), 2011 Proceedings of the 14th International Conference on},
	Date-Added = {2016-05-14 06:11:00 +0000},
	Date-Modified = {2016-05-14 06:11:00 +0000},
	Keywords = {Global Positioning System;sensor fusion;sensor placement;weapons;GPS location;acoustic phenomena analysis;central node level;geo-rectified solution;sensor location;sensor network;shockwave field of view;shooter localization;soldier-worn gunfire detection system;Accuracy;Direction of arrival estimation;Global Positioning System;Joints;Maximum likelihood estimation;Silicon;Trajectory;Gauss-Newton method;Shooter localization;gunfire detection system;maximum likelihood estimation},
	Month = {July},
	Pages = {1-8},
	Title = {Shooter localization using soldier-worn gunfire detection systems},
	Year = {2011}}

@techreport{millet2006latest,
	Author = {Millet, J and Baligand, B},
	Date-Added = {2016-05-14 05:59:23 +0000},
	Date-Modified = {2016-05-14 05:59:23 +0000},
	Institution = {DTIC Document},
	Title = {Latest achievements in gunfire detection systems},
	Year = {2006},
	Bdsk-File-1 = {YnBsaXN0MDDUAQIDBAUGJCVYJHZlcnNpb25YJG9iamVjdHNZJGFyY2hpdmVyVCR0b3ASAAGGoKgHCBMUFRYaIVUkbnVsbNMJCgsMDxJXTlMua2V5c1pOUy5vYmplY3RzViRjbGFzc6INDoACgAOiEBGABIAFgAdccmVsYXRpdmVQYXRoWWFsaWFzRGF0YV8QIy4uLy4uLy4uLy4uL0Rvd25sb2Fkcy9BREE0Nzg5NzQucGRm0hcLGBlXTlMuZGF0YU8RAYoAAAAAAYoAAgAADE1hY2ludG9zaCBIRAAAAAAAAAAAAAAAAAAAANHhrztIKwAAAAbEdw1BREE0Nzg5NzQucGRmAAAAAAAAAAAAAAAAAAAAAAAAAAAAAAAAAAAAAAAAAAAAAAAAAAAAAAAAAAAAAAAAAAAAs+mM01z77AAAAAAAAAAAAAQAAgAACSAAAAAAAAAAAAAAAAAAAAAJRG93bmxvYWRzAAAQAAgAANHhIpsAAAARAAgAANNcb0wAAAABAAwABsR3AAbEdAACmAUAAgA8TWFjaW50b3NoIEhEOlVzZXJzOgBtaWNoYWVsdGhvcmVhdToARG93bmxvYWRzOgBBREE0Nzg5NzQucGRmAA4AHAANAEEARABBADQANwA4ADkANwA0AC4AcABkAGYADwAaAAwATQBhAGMAaQBuAHQAbwBzAGgAIABIAEQAEgAsVXNlcnMvbWljaGFlbHRob3JlYXUvRG93bmxvYWRzL0FEQTQ3ODk3NC5wZGYAEwABLwAAFQACABX//wAAgAbSGxwdHlokY2xhc3NuYW1lWCRjbGFzc2VzXU5TTXV0YWJsZURhdGGjHR8gVk5TRGF0YVhOU09iamVjdNIbHCIjXE5TRGljdGlvbmFyeaIiIF8QD05TS2V5ZWRBcmNoaXZlctEmJ1Ryb290gAEACAARABoAIwAtADIANwBAAEYATQBVAGAAZwBqAGwAbgBxAHMAdQB3AIQAjgC0ALkAwQJPAlECVgJhAmoCeAJ8AoMCjAKRAp4CoQKzArYCuwAAAAAAAAIBAAAAAAAAACgAAAAAAAAAAAAAAAAAAAK9}}

@phdthesis{military,
	Author = {Victor Pratrap Singh},
	Date-Added = {2016-05-14 05:17:13 +0000},
	Date-Modified = {2016-05-14 05:19:57 +0000},
	Month = {June},
	School = {Indian Institute of Technology Kanpur},
	Title = {Passive Acoustic Localisation: For Military Applications},
	Year = {2008},
	Bdsk-File-1 = {YnBsaXN0MDDUAQIDBAUGJCVYJHZlcnNpb25YJG9iamVjdHNZJGFyY2hpdmVyVCR0b3ASAAGGoKgHCBMUFRYaIVUkbnVsbNMJCgsMDxJXTlMua2V5c1pOUy5vYmplY3RzViRjbGFzc6INDoACgAOiEBGABIAFgAdccmVsYXRpdmVQYXRoWWFsaWFzRGF0YV8QIS4uLy4uLy4uLy4uL0Rvd25sb2Fkcy9WUFNpbmdoLnBkZtIXCxgZV05TLmRhdGFPEQGCAAAAAAGCAAIAAAxNYWNpbnRvc2ggSEQAAAAAAAAAAAAAAAAAAADR4a87SCsAAAAGxHcLVlBTaW5naC5wZGYAAAAAAAAAAAAAAAAAAAAAAAAAAAAAAAAAAAAAAAAAAAAAAAAAAAAAAAAAAAAAAAAAAAAAALPDDNNc8iwAAAAAAAAAAAAEAAIAAAkgAAAAAAAAAAAAAAAAAAAACURvd25sb2FkcwAAEAAIAADR4SKbAAAAEQAIAADTXGWMAAAAAQAMAAbEdwAGxHQAApgFAAIAOk1hY2ludG9zaCBIRDpVc2VyczoAbWljaGFlbHRob3JlYXU6AERvd25sb2FkczoAVlBTaW5naC5wZGYADgAYAAsAVgBQAFMAaQBuAGcAaAAuAHAAZABmAA8AGgAMAE0AYQBjAGkAbgB0AG8AcwBoACAASABEABIAKlVzZXJzL21pY2hhZWx0aG9yZWF1L0Rvd25sb2Fkcy9WUFNpbmdoLnBkZgATAAEvAAAVAAIAFf//AACABtIbHB0eWiRjbGFzc25hbWVYJGNsYXNzZXNdTlNNdXRhYmxlRGF0YaMdHyBWTlNEYXRhWE5TT2JqZWN00hscIiNcTlNEaWN0aW9uYXJ5oiIgXxAPTlNLZXllZEFyY2hpdmVy0SYnVHJvb3SAAQAIABEAGgAjAC0AMgA3AEAARgBNAFUAYABnAGoAbABuAHEAcwB1AHcAhACOALIAtwC/AkUCRwJMAlcCYAJuAnICeQKCAocClAKXAqkCrAKxAAAAAAAAAgEAAAAAAAAAKAAAAAAAAAAAAAAAAAAAArM=}}

@misc{DSP_slices,
	Author = {Xilinx},
	Date-Added = {2016-05-07 06:27:45 +0000},
	Date-Modified = {2016-05-09 03:47:21 +0000},
	Keywords = {DSP; DSP slice},
	Month = {November},
	Title = {7 Series DSP48E1 Slice - User guide},
	Year = {2014},
	Bdsk-File-1 = {YnBsaXN0MDDUAQIDBAUGJCVYJHZlcnNpb25YJG9iamVjdHNZJGFyY2hpdmVyVCR0b3ASAAGGoKgHCBMUFRYaIVUkbnVsbNMJCgsMDxJXTlMua2V5c1pOUy5vYmplY3RzViRjbGFzc6INDoACgAOiEBGABIAFgAdccmVsYXRpdmVQYXRoWWFsaWFzRGF0YV8QLy4uLy4uLy4uLy4uL0Rvd25sb2Fkcy91ZzQ3OV83U2VyaWVzX0RTUDQ4RTEucGRm0hcLGBlXTlMuZGF0YU8RAboAAAAAAboAAgAADE1hY2ludG9zaCBIRAAAAAAAAAAAAAAAAAAAANHhrztIKwAAAAbEdxl1ZzQ3OV83U2VyaWVzX0RTUDQ4RTEucGRmAAAAAAAAAAAAAAAAAAAAAAAAAAAAAAAAAAAAAAAAAAAAAAAAAAAArNn401PIEwAAAAAAAAAAAAQAAgAACSAAAAAAAAAAAAAAAAAAAAAJRG93bmxvYWRzAAAQAAgAANHhIpsAAAARAAgAANNTO3MAAAABAAwABsR3AAbEdAACmAUAAgBITWFjaW50b3NoIEhEOlVzZXJzOgBtaWNoYWVsdGhvcmVhdToARG93bmxvYWRzOgB1ZzQ3OV83U2VyaWVzX0RTUDQ4RTEucGRmAA4ANAAZAHUAZwA0ADcAOQBfADcAUwBlAHIAaQBlAHMAXwBEAFMAUAA0ADgARQAxAC4AcABkAGYADwAaAAwATQBhAGMAaQBuAHQAbwBzAGgAIABIAEQAEgA4VXNlcnMvbWljaGFlbHRob3JlYXUvRG93bmxvYWRzL3VnNDc5XzdTZXJpZXNfRFNQNDhFMS5wZGYAEwABLwAAFQACABX//wAAgAbSGxwdHlokY2xhc3NuYW1lWCRjbGFzc2VzXU5TTXV0YWJsZURhdGGjHR8gVk5TRGF0YVhOU09iamVjdNIbHCIjXE5TRGljdGlvbmFyeaIiIF8QD05TS2V5ZWRBcmNoaXZlctEmJ1Ryb290gAEACAARABoAIwAtADIANwBAAEYATQBVAGAAZwBqAGwAbgBxAHMAdQB3AIQAjgDAAMUAzQKLAo0CkgKdAqYCtAK4Ar8CyALNAtoC3QLvAvIC9wAAAAAAAAIBAAAAAAAAACgAAAAAAAAAAAAAAAAAAAL5}}

@misc{zynq-products,
	Author = {Xilinx},
	Date-Added = {2016-05-07 05:56:39 +0000},
	Date-Modified = {2016-06-04 03:28:29 +0000},
	Keywords = {zynq, products},
	Title = {Zynq-7000 All Programmable SoCs Product Tables and Product Selection Guide},
	Year = {2015},
	Bdsk-File-1 = {YnBsaXN0MDDUAQIDBAUGJCVYJHZlcnNpb25YJG9iamVjdHNZJGFyY2hpdmVyVCR0b3ASAAGGoKgHCBMUFRYaIVUkbnVsbNMJCgsMDxJXTlMua2V5c1pOUy5vYmplY3RzViRjbGFzc6INDoACgAOiEBGABIAFgAdccmVsYXRpdmVQYXRoWWFsaWFzRGF0YV8QOy4uLy4uLy4uLy4uL0Rvd25sb2Fkcy96eW5xLTcwMDAtcHJvZHVjdC1zZWxlY3Rpb24tZ3VpZGUucGRm0hcLGBlXTlMuZGF0YU8RAeQAAAAAAeQAAgAADE1hY2ludG9zaCBIRAAAAAAAAAAAAAAAAAAAANHhrztIKwAAAAbEdx96eW5xLTcwMDAtcHJvZHVjdC1zZSNBQ0NFMTkucGRmAAAAAAAAAAAAAAAAAAAAAAAAAAAAAAAAAAAAAAAAAAAArM4Z01PBEwAAAAAAAAAAAAQAAgAACSAAAAAAAAAAAAAAAAAAAAAJRG93bmxvYWRzAAAQAAgAANHhIpsAAAARAAgAANNTNHMAAAABAAwABsR3AAbEdAACmAUAAgBOTWFjaW50b3NoIEhEOlVzZXJzOgBtaWNoYWVsdGhvcmVhdToARG93bmxvYWRzOgB6eW5xLTcwMDAtcHJvZHVjdC1zZSNBQ0NFMTkucGRmAA4ATAAlAHoAeQBuAHEALQA3ADAAMAAwAC0AcAByAG8AZAB1AGMAdAAtAHMAZQBsAGUAYwB0AGkAbwBuAC0AZwB1AGkAZABlAC4AcABkAGYADwAaAAwATQBhAGMAaQBuAHQAbwBzAGgAIABIAEQAEgBEVXNlcnMvbWljaGFlbHRob3JlYXUvRG93bmxvYWRzL3p5bnEtNzAwMC1wcm9kdWN0LXNlbGVjdGlvbi1ndWlkZS5wZGYAEwABLwAAFQACABX//wAAgAbSGxwdHlokY2xhc3NuYW1lWCRjbGFzc2VzXU5TTXV0YWJsZURhdGGjHR8gVk5TRGF0YVhOU09iamVjdNIbHCIjXE5TRGljdGlvbmFyeaIiIF8QD05TS2V5ZWRBcmNoaXZlctEmJ1Ryb290gAEACAARABoAIwAtADIANwBAAEYATQBVAGAAZwBqAGwAbgBxAHMAdQB3AIQAjgDMANEA2QLBAsMCyALTAtwC6gLuAvUC/gMDAxADEwMlAygDLQAAAAAAAAIBAAAAAAAAACgAAAAAAAAAAAAAAAAAAAMv}}

@misc{kawata1995field,
	Author = {Kawata, T.},
	Date-Added = {2016-05-07 05:42:38 +0000},
	Date-Modified = {2016-05-07 05:42:38 +0000},
	Month = sep # {~5},
	Note = {US Patent 5,448,186},
	Publisher = {Google Patents},
	Title = {Field-programmable gate array},
	Url = {http://www.google.com/patents/US5448186},
	Year = {1995},
	Bdsk-Url-1 = {http://www.google.com/patents/US5448186}}

@inproceedings{6778172,
	Author = {U. Hamid and R. A. Qamar and K. Waqas},
	Booktitle = {Proceedings of 2014 11th International Bhurban Conference on Applied Sciences Technology (IBCAST) Islamabad, Pakistan, 14th - 18th January, 2014},
	Date-Modified = {2016-06-04 04:25:44 +0000},
	Doi = {10.1109/IBCAST.2014.6778172},
	Issn = {2151-1403},
	Keywords = {array signal processing;fast Fourier transforms;FFT algorithms;IFFT algorithms;MUSIC beamforming;Matlab simulations;Root-MUSIC beamforming;array frequency;beam width;delay-and-sum beamforming;execution time;frequency-domain beamforming techniques;general purpose processors;high resolution beamforming techniques;interpolation beamforming;inverse fast Fourier transforms;multibeam beamforming;quadrature beamforming;sampling rate;sensor array processing;sensor spacing;single-beam beamforming;time samples;time-domain beamforming techniques;Array signal processing;Arrays;Frequency-domain analysis;Interpolation;Multiple signal classification;Signal resolution;Time-domain analysis;frequency-domain beamforming;high resolution beamforming;sensor arrays;time-domain beamforming},
	Month = {Jan},
	Pages = {379-385},
	Title = {Performance comparison of time-domain and frequency-domain beamforming techniques for sensor array processing},
	Year = {2014},
	Bdsk-File-1 = {YnBsaXN0MDDUAQIDBAUGJCVYJHZlcnNpb25YJG9iamVjdHNZJGFyY2hpdmVyVCR0b3ASAAGGoKgHCBMUFRYaIVUkbnVsbNMJCgsMDxJXTlMua2V5c1pOUy5vYmplY3RzViRjbGFzc6INDoACgAOiEBGABIAFgAdccmVsYXRpdmVQYXRoWWFsaWFzRGF0YV8QIi4uLy4uLy4uLy4uL0Rvd25sb2Fkcy8wNjc3ODE3Mi5wZGbSFwsYGVdOUy5kYXRhTxEBiAAAAAABiAACAAAMTWFjaW50b3NoIEhEAAAAAAAAAAAAAAAAAAAA0eGvO0grAAAABsR3DDA2Nzc4MTcyLnBkZgAAAAAAAAAAAAAAAAAAAAAAAAAAAAAAAAAAAAAAAAAAAAAAAAAAAAAAAAAAAAAAAAAAAADNWqbTfHnYAAAAAAAAAAAABAACAAAJIAAAAAAAAAAAAAAAAAAAAAlEb3dubG9hZHMAABAACAAA0eEimwAAABEACAAA03vtOAAAAAEADAAGxHcABsR0AAKYBQACADtNYWNpbnRvc2ggSEQ6VXNlcnM6AG1pY2hhZWx0aG9yZWF1OgBEb3dubG9hZHM6ADA2Nzc4MTcyLnBkZgAADgAaAAwAMAA2ADcANwA4ADEANwAyAC4AcABkAGYADwAaAAwATQBhAGMAaQBuAHQAbwBzAGgAIABIAEQAEgArVXNlcnMvbWljaGFlbHRob3JlYXUvRG93bmxvYWRzLzA2Nzc4MTcyLnBkZgAAEwABLwAAFQACABX//wAAgAbSGxwdHlokY2xhc3NuYW1lWCRjbGFzc2VzXU5TTXV0YWJsZURhdGGjHR8gVk5TRGF0YVhOU09iamVjdNIbHCIjXE5TRGljdGlvbmFyeaIiIF8QD05TS2V5ZWRBcmNoaXZlctEmJ1Ryb290gAEACAARABoAIwAtADIANwBAAEYATQBVAGAAZwBqAGwAbgBxAHMAdQB3AIQAjgCzALgAwAJMAk4CUwJeAmcCdQJ5AoACiQKOApsCngKwArMCuAAAAAAAAAIBAAAAAAAAACgAAAAAAAAAAAAAAAAAAAK6},
	Bdsk-Url-1 = {http://dx.doi.org/10.1109/IBCAST.2014.6778172}}
