%% LaTeX2e file `References.bib'
%% generated by the `filecontents' environment
%% from source `document' on 2017/03/29.
%%

 @inbook{MiningHandbook,
  author = "J.Humphrey, J.Wagner",
  title = "Mechanical Extraction,Loading and Hauling",
  booktitle = "Mining Engineering Handbook",
  date = "23/02/2011",
 }

@article{Costs,
	author = "AASB",
	title = "Stripping Costs in the Production Phase of a Surface Mine",
	journaltitle = "AASB Interpretation",
	date = "2011",
}

@article{Reliability,
	author = "N.Demeril, S.Duzgun",
	title = "Reliability modelling of draglines for availability estimation and maintenance planning",
	journaltitle = "Procemin",
	date = "2011",
}
@article{OperatorPerformance,
	author = "G.Lumley",
	title = "Reducing the Variability in Dragline Operator Performance ",
	journaltitle = "Coal Operator's Conference ",
	date = "2005",
}
@article{Dynamic Model,
	author = "N.Demirel, S.Frimpong",
	title = "Dragline dynamic modelling for efficient excavation ",
	journaltitle = "International Journal of Mining, Reclamation and Environment",
	date = "2009",
}
@article{Workpls,
	author = "N.Demirel, S.Frimpong",
	title = "Dragline dynamic modelling for efficient excavation ",
	journaltitle = "International Journal of Mining, Reclamation and Environment",
	date = "2009",
}
@article{Computer Simulation,
	author = "E.Baafi, H.Mirabediny, K.Whitchurch"
	title = "Computer simulation of complex dragline operations",
	journaltitle = "International Journal of Mining, Reclamation and Environment",
	date = "2007",
}
@article{SpoilUtilization,
	author = "B.Erdem, T.Doan",
	title = "Spoil room utilization in dragline stripping",
	journaltitle = "Journal of Scientific and Industrial Research",
	date = "2009",
}
@inbook{IntoOpenPit,
	author = {A.Wetherelt, K.Peter van der Wielen},
	booktitle = {Mining Engineering Handbook},
	title = {Introduction to Open Pit Mining },
	date = {23/02/2011},
}

@article{DraglineDecade,
	author = {G.Winstanley, K.Usher, P.Corke, M.Dunbabin, J.Roberts},
	title = {Dragline Automation- A Decade of Development},
	journaltitle = {IEEE Robotics and Automation Magazine},
	date = {September 2007},
}
@article{VisionRobot,
	author = {P.Corke},
	title = {Visual Control of Robots: High-Performance Visual Servoing,},
	journaltitle = {NewYork, Wiley},
	date = {1996},
}
@article{CreativeEngineering,
	author = {T.Allison},
	title = {Creative engineering â€“ A key to the future of the Australian
	coal industry},
	journaltitle = {Proc. Conf. Institute Mining Electrical Mining Mechanical
	Engineering},
	date = {1992},
}
@inbook{IntroRobo,
	author = {P.Lever},
	booktitle = {Mining Engineering Handbook},
	title = {Automation and Robotics },
	date = {23/02/2011},
}
@thesis{AutoEarthmoving,
	author = {S.Singh},
	title = {The State of the Art in Automation of Earthmoving},
	institution = {Carnegie Mellon University},
	date = {July 1997},
}
@thesis{A*Search,
	author = {H.Liu, M.Kearney, M.Forbes},
	title = {Planning Dragline Positioning Sequence with A* Search Algorithm},
	institution = {University of Queensland},
	date = {2017},
}
@thesis{ORPlanning,
	author = {H.Liu, M.Kearney, K.Austin},
	title = {Development of Dragline Excavation Model for Operation Planning},
	institution = {University of Queensland},
	date = {2016},
}
@thesis{PacificCoal,
	author = {D.Sier},
	title = {Optimised Dragline Planning Model},
	institution = {Pacific Coal Pty. Ltd.},
	date = {1993},
}
@thesis{Wooloongogn,
	author = {M.Mirabediny},
	title = {A dragline simulation model for strip mine design and development},
	institution = {University of Wollongong},
	date = {1998},
}

@online{ExportStats,
	author = {Australian Department of Foriegn Affairs and Trade},
	title = {Top Goods and services},
	date = {2014},
	url = {http://dfat.gov.au/trade/resources/trade-at-a-glance/Pages/top-goods-services.aspx},
}

@book{MITDynamic,
	author = {ormen, T. H.; Leiserson, C. E.; Rivest, R. L.; Stein, C.},
	title = { Introduction to Algorithms (2nd ed.)},
	date = {2002},
}
@book{NumOpt,
	author = {J.Nocedal, S.Wright},
	title = { Numerical Optimisation},
	date = {2006},
}
@book{Bellman,
	author = {S.Dreyfus},
	title = {Richard Bellman on the birth of Dynamical Programming},
	date = {2005},
}
@book{LP,
	author = {C.Papadimitriou, K.Stieglitz},
	title = { Combinatorial optimization: algorithms and complexity},
	date = {1998},
}
@book{LPII,
	author = {P.Williams},
	title = {Logic and Integer Programming},
	date = {2009},
}